<?xml version='1.0' encoding='UTF-8'?>
<record xmlns="http://www.loc.gov/MARC21/slim">
  <leader>01043cam a2200265Ma 4500</leader>
  <controlfield tag="001">1706613</controlfield>
  <controlfield tag="003">NjP</controlfield>
  <controlfield tag="005">20170311183407.0</controlfield>
  <controlfield tag="008">961018s1948    mr            000 0 ara  </controlfield>
  <datafield tag="024" ind1="7" ind2=" ">
    <subfield code="a">princeton_aco002464</subfield>
    <subfield code="2">local</subfield>
  </datafield>
  <datafield ind1=" " ind2=" " tag="010">
    <subfield code="a">   62001715  </subfield>
  </datafield>
  <datafield ind1=" " ind2=" " tag="035">
    <subfield code="a">(OCoLC)ocm40047897</subfield>
  </datafield>
  <datafield ind1=" " ind2=" " tag="035">
    <subfield code="9">CFN3687TS</subfield>
  </datafield>
  <datafield ind1=" " ind2=" " tag="040">
    <subfield code="a">DLC</subfield>
    <subfield code="c">CUT</subfield>
    <subfield code="d">PUL</subfield>
  </datafield>
  <datafield ind1=" " ind2=" " tag="043">
    <subfield code="a">f-mr---</subfield>
    <subfield code="a">ff-----</subfield>
  </datafield>
  <datafield ind1="0" ind2="0" tag="050">
    <subfield code="a">DT204</subfield>
    <subfield code="b">.F32</subfield>
  </datafield>
  <datafield ind1="1" ind2=" " tag="100">
    <subfield code="a">Fāsī, ʻAllāl,</subfield>
    <subfield code="d">1910-1974.</subfield>
    <subfield code="0">http://id.loc.gov/authorities/names/n79096807</subfield>
  </datafield>
  <datafield ind1="1" ind2="3" tag="245">
    <subfield code="a">al-Ḥarakāt al-istiqlālīyah fī al-Maghrib al-ʻArabī /</subfield>
    <subfield code="c">ʻAllāl al-Fāsī.</subfield>
  </datafield>
  <datafield ind1=" " ind2=" " tag="260">
    <subfield code="a">Ṭanjah :</subfield>
    <subfield code="b">ʻAbd al-Salām Jasūs,</subfield>
    <subfield code="c">[1948?]</subfield>
  </datafield>
  <datafield ind1=" " ind2=" " tag="300">
    <subfield code="a">13, 475 p. ;</subfield>
    <subfield code="c">25 cm.</subfield>
  </datafield>
  <datafield ind1=" " ind2=" " tag="500">
    <subfield code="a">In Arabic.</subfield>
  </datafield>
  <datafield ind1=" " ind2="0" tag="650">
    <subfield code="a">National liberation movements</subfield>
    <subfield code="z">Africa, North.</subfield>
  </datafield>
  <datafield ind1=" " ind2="0" tag="651">
    <subfield code="a">Morocco</subfield>
    <subfield code="x">Politics and government.</subfield>
    <subfield code="0">http://id.loc.gov/authorities/subjects/sh2001006480</subfield>
  </datafield>
  <datafield ind1=" " ind2="0" tag="651">
    <subfield code="a">Africa, North</subfield>
    <subfield code="x">Politics and government.</subfield>
    <subfield code="0">http://id.loc.gov/authorities/subjects/sh2008114127</subfield>
  </datafield>
  <datafield ind1=" " ind2=" " tag="947">
    <subfield code="a">CFN3687</subfield>
  </datafield>
  <datafield ind1=" " ind2=" " tag="911">
    <subfield code="a">20000130</subfield>
  </datafield>
  <datafield ind1="0" ind2="0" tag="852">
    <subfield code="0">1965778</subfield>
    <subfield code="b">nec</subfield>
    <subfield code="t">0</subfield>
    <subfield code="h">DT204</subfield>
    <subfield code="i">.F32 1948</subfield>
  </datafield>
  <datafield ind1=" " ind2=" " tag="959">
    <subfield code="a">2000-06-13 00:00:00 -0500</subfield>
  </datafield>
</record>
